
@misc{d-wave_inc_d-wave_2020,
	title = {D-{Wave} {Technology} {Overview}},
	url = {https://www.dwavesys.com/sites/default/files/Dwave_Tech%20Overview2_F.pdf},
	author = {D-Wave Inc.},
	year = {2020},
	file = {D-Wave Technology Overview (2020):C\:\\Users\\Maro\\Zotero\\storage\\X29K3QQ5\\Dwave_Tech Overview2_F.pdf:application/pdf},
}

@misc{d-wave_inc_d-wave_2007,
	title = {D-{Wave} {Demonstrates} {First} {Quantum} {Computer} - {ExtremeTech}},
	url = {https://www.extremetech.com/extreme/77968-dwave-demonstrates-first-quantum-computer},
	urldate = {2021-05-22},
	author = {D-Wave Inc.},
	year = {2007},
	file = {D-Wave Demonstrates First Quantum Computer - ExtremeTech:C\:\\Users\\Maro\\Zotero\\storage\\A8ZSWGPE\\77968-dwave-demonstrates-first-quantum-computer.html:text/html},
}

@misc{wikipedia_contributors_annealing_2021,
	title = {Annealing (metallurgy)},
	copyright = {Creative Commons Attribution-ShareAlike License},
	url = {https://en.wikipedia.org/w/index.php?title=Annealing_(metallurgy)&oldid=1015346526},
	language = {en},
	urldate = {2021-05-26},
	journal = {Wikipedia},
	author = {Wikipedia contributors},
	month = mar,
	year = {2021},
	note = {Page Version ID: 1015346526},
	file = {Snapshot:C\:\\Users\\Maro\\Zotero\\storage\\WWE2NXYB\\index.html:text/html},
}

@misc{wikipedia_contributors_quenching_2021,
	title = {Quenching},
	copyright = {Creative Commons Attribution-ShareAlike License},
	url = {https://en.wikipedia.org/w/index.php?title=Quenching&oldid=1020513336},
	language = {en},
	urldate = {2021-05-26},
	journal = {Wikipedia},
	author = {Wikipedia contributors},
	month = apr,
	year = {2021},
	note = {Page Version ID: 1020513336},
	file = {Snapshot:C\:\\Users\\Maro\\Zotero\\storage\\4GZ67LC3\\index.html:text/html},
}
